<?xml version="1.0" encoding="UTF-8"?><record xmlns="http://www.loc.gov/MARC21/slim" xmlns:cinclude="http://apache.org/cocoon/include/1.0" xmlns:zs="http://www.loc.gov/zing/srw/">
  <leader>00927cz  a2200205n  4500</leader>
  <controlfield tag="001">n  80053853 </controlfield>
  <controlfield tag="003">DLC</controlfield>
  <controlfield tag="005">19900530113539.0</controlfield>
  <controlfield tag="008">800613n| acannaab|          |a aaa |||  </controlfield>
  <datafield tag="010" ind1=" " ind2=" ">
    <subfield code="a">n  80053853 </subfield>
  </datafield>
  <datafield tag="040" ind1=" " ind2=" ">
    <subfield code="a">DLC</subfield>
    <subfield code="c">DLC</subfield>
    <subfield code="d">DLC</subfield>
  </datafield>
  <datafield tag="100" ind1="1" ind2="0">
    <subfield code="a">An̲antarāman̲, Vi.</subfield>
  </datafield>
  <datafield tag="400" ind1="1" ind2="0">
    <subfield code="a">Anantharaman, V.</subfield>
  </datafield>
  <datafield tag="400" ind1="1" ind2="0">
    <subfield code="a">An̲antarāmayyar, Vi.</subfield>
  </datafield>
  <datafield tag="400" ind1="1" ind2="0">
    <subfield code="a">Anantharamaiyer, V.</subfield>
  </datafield>
  <datafield tag="667" ind1=" " ind2=" ">
    <subfield code="a">not the same as Anantaraman, Venkatraman</subfield>
  </datafield>
  <datafield tag="670" ind1=" " ind2=" ">
    <subfield code="a">His Tamil̲ mar̲ai icai mālai, 1976-1978:</subfield>
    <subfield code="b">v 1, cover (Caṅkīta Vitvān̲ Vi. An̲antarāman̲, Nākappaṫṫin̲am)</subfield>
  </datafield>
  <datafield tag="670" ind1=" " ind2=" ">
    <subfield code="a">His Caṅkīta mummūrttikaḷ aruḷiya kṣētrāṭan̲ak kirutikaḷum stala makimaiyum, 1988:</subfield>
    <subfield code="b">t.p. (Caṅkīta vitvān̲ Vi. An̲antarāmayyar) p. 4 (V. Anantharaman, sangeetha vidwan, Nagapattinam)</subfield>
  </datafield>
  <datafield tag="670" ind1=" " ind2=" ">
    <subfield code="a">Ltr. fr. author, 12/26/89</subfield>
    <subfield code="b">(V. Anantharamaiyer; b. 12/14/1915 ; V. Anantharaman)</subfield>
  </datafield>
  <datafield tag="675" ind1=" " ind2=" ">
    <subfield code="a">WW of Indian musicians, 1968.</subfield>
  </datafield>
</record>